<?xml version="1.0" encoding="UTF-8"?><collection xmlns="http://www.loc.gov/MARC21/slim"><record><leader>00339nam--2200145-i-4500</leader><controlfield tag="001">000040125</controlfield><controlfield tag="002">20161230</controlfield><controlfield tag="005">20170113010818</controlfield><controlfield tag="008">060222s1000------------r-----000-0-eng-d</controlfield><datafield ind1=" " ind2=" " tag="100"><subfield code="a">Salauze, J</subfield></datafield><datafield ind1=" " ind2=" " tag="245"><subfield code="a">Traite de gal vanoplastie</subfield></datafield><datafield ind1=" " ind2=" " tag="260"><subfield code="a">Paris</subfield><subfield code="b">Dunod</subfield><subfield code="c">1956</subfield></datafield><datafield ind1=" " ind2=" " tag="300"><subfield code="a">XVI+819 p</subfield></datafield><datafield ind1=" " ind2=" " tag="852"><subfield code="a">12375</subfield></datafield><datafield ind1=" " ind2=" " tag="CAT"><subfield code="a">SYS</subfield><subfield code="c">20170113</subfield><subfield code="h">010818</subfield></datafield></record></collection>